%references.bib
@online{stadia,
	author="Google",
	title = "Stadia - One Place for all the ways we play",
	url  = "https://stadia.google.com/",
	addendum = "(accessed: 11.05.2020)",
	keywords = "google"
}

@online{geforcenow,
	author="Nvidia",
	title = "Your Games. Your Devices. Play Anywhere",
	url  = "https://www.nvidia.com/en-us/geforce-now/",
	addendum = "(accessed: 11.05.2020)",
	keywords = "nvidia, geforce"
}

@online{xcloud,
	author="XBox",
	title = "Project XCloud",
	url  = "https://www.xbox.com/en-US/xbox-game-streaming/project-xcloud",
	addendum = "(accessed: 11.05.2020)",
	keywords = "microsoft, xcloud"
}